
@inproceedings{howell2019,
    title = {{ALTRO}: {A} {F}ast {S}olver for {C}onstrained {T}rajectory {O}ptimization {P}roblems},
    booktitle = {(submitted) {Conference} on {Intelligent} {Robots} and {Systems} ({IROS}) },
    author = {Howell, Taylor and Jackson, Brian and Manchester, Zachary},
    year = {2019}}

@inproceedings{stickler1974,
	Author = {Stickler, A., and K. Alfriend},
	booktitle = {Mechanics and Control of Flight Conference Proceedings},
	Title = {An Elementary Magnetic Attitude Control System.},
	year = {1974}}
	
@inproceedings{martel1988,
	Author = {Martel, Francois, Pal, Parimal, and Psiaki, Mark},
	booktitle = {Small Satellite Conference},
	Title = {Active Magnetic Control System for Gravity Gradient Spacecraft},
	year = {1988}}
	
@article{arduini1997,
	Author = {Arduini, Carlo and Baiocco, Paolo},
	title = {Active Magnetic Damping Attitude Control for Gravity Gradient Stabilized Spacecraft},
	journal = {Journal of Guidance, Control, and Dynamics},
	volume = {20},
	number = {1},
	year = {1997}, 
	pages = {117--122}}
	